%YAML 1.1
%TAG !u! tag:unity3d.com,2011:
--- !u!244 &-7340636004515792626
AudioMixerEffectController:
  m_ObjectHideFlags: 3
  m_CorrespondingSourceObject: {fileID: 0}
  m_PrefabInstance: {fileID: 0}
  m_PrefabAsset: {fileID: 0}
  m_Name: 
  m_EffectID: d94827dc3a5334645bd36a55cd27b293
  m_EffectName: Attenuation
  m_MixLevel: 70829e23f7bc6ea40a8eb9f141abd43d
  m_Parameters: []
  m_SendTarget: {fileID: 0}
  m_EnableWetMix: 0
  m_Bypass: 0
--- !u!241 &24100000
AudioMixerController:
  m_ObjectHideFlags: 0
  m_CorrespondingSourceObject: {fileID: 0}
  m_PrefabInstance: {fileID: 0}
  m_PrefabAsset: {fileID: 0}
  m_Name: MasterAudioMixer
  m_OutputGroup: {fileID: 0}
  m_MasterGroup: {fileID: 24300002}
  m_Snapshots:
  - {fileID: 24500006}
  m_StartSnapshot: {fileID: 24500006}
  m_SuspendThreshold: -80
  m_EnableSuspend: 1
  m_UpdateMode: 0
  m_ExposedParameters:
  - guid: c4295c13bd583a943a6367c15c2ee691
    name: MusicVolume
  m_AudioMixerGroupViews:
  - guids:
    - 58bbea419552f1049ae9169ec902aab6
    - 7124d3dc1f65ce84f8ba9d15aa3d1821
    name: View
  m_CurrentViewIndex: 0
  m_TargetSnapshot: {fileID: 24500006}
--- !u!243 &24300002
AudioMixerGroupController:
  m_ObjectHideFlags: 0
  m_CorrespondingSourceObject: {fileID: 0}
  m_PrefabInstance: {fileID: 0}
  m_PrefabAsset: {fileID: 0}
  m_Name: Master
  m_AudioMixer: {fileID: 24100000}
  m_GroupID: 58bbea419552f1049ae9169ec902aab6
  m_Children:
  - {fileID: 847073204288540769}
  m_Volume: dab52aeeedef7964a8e29084d369c345
  m_Pitch: 5c2c5c5f0c664954b86340d3d0a8c28b
  m_Send: 00000000000000000000000000000000
  m_Effects:
  - {fileID: 24400004}
  m_UserColorIndex: 0
  m_Mute: 0
  m_Solo: 0
  m_BypassEffects: 0
--- !u!244 &24400004
AudioMixerEffectController:
  m_ObjectHideFlags: 3
  m_CorrespondingSourceObject: {fileID: 0}
  m_PrefabInstance: {fileID: 0}
  m_PrefabAsset: {fileID: 0}
  m_Name: 
  m_EffectID: 8e2eecb3a62a413439002535ed0b628b
  m_EffectName: Attenuation
  m_MixLevel: 2032eb3abaa24784c9bd5e9433a31711
  m_Parameters: []
  m_SendTarget: {fileID: 0}
  m_EnableWetMix: 0
  m_Bypass: 0
--- !u!245 &24500006
AudioMixerSnapshotController:
  m_ObjectHideFlags: 0
  m_CorrespondingSourceObject: {fileID: 0}
  m_PrefabInstance: {fileID: 0}
  m_PrefabAsset: {fileID: 0}
  m_Name: Snapshot
  m_AudioMixer: {fileID: 24100000}
  m_SnapshotID: 137defb0c168ffd47ba554eaf173ce80
  m_FloatValues:
    c4295c13bd583a943a6367c15c2ee691: 1.8
    dab52aeeedef7964a8e29084d369c345: 2
  m_TransitionOverrides: {}
--- !u!243 &847073204288540769
AudioMixerGroupController:
  m_ObjectHideFlags: 0
  m_CorrespondingSourceObject: {fileID: 0}
  m_PrefabInstance: {fileID: 0}
  m_PrefabAsset: {fileID: 0}
  m_Name: Music
  m_AudioMixer: {fileID: 24100000}
  m_GroupID: 7124d3dc1f65ce84f8ba9d15aa3d1821
  m_Children: []
  m_Volume: c4295c13bd583a943a6367c15c2ee691
  m_Pitch: 63e3685f6974e94489a8653253f02f3b
  m_Send: 00000000000000000000000000000000
  m_Effects:
  - {fileID: -7340636004515792626}
  m_UserColorIndex: 0
  m_Mute: 0
  m_Solo: 0
  m_BypassEffects: 0
