%YAML 1.1
%TAG !u! tag:unity3d.com,2011:
--- !u!114 &1088896425
MonoBehaviour:
  m_ObjectHideFlags: 0
  m_CorrespondingSourceObject: {fileID: 0}
  m_PrefabInstance: {fileID: 0}
  m_PrefabAsset: {fileID: 0}
  m_GameObject: {fileID: 1530326901846374492}
  m_Enabled: 1
  m_EditorHideFlags: 0
  m_Script: {fileID: 11500000, guid: 3245ec927659c4140ac4f8d17403cc18, type: 3}
  m_Name: 
  m_EditorClassIdentifier: 
  m_HorizontalFit: 0
  m_VerticalFit: 1
--- !u!114 &3400385112311464150
MonoBehaviour:
  m_ObjectHideFlags: 0
  m_CorrespondingSourceObject: {fileID: 0}
  m_PrefabInstance: {fileID: 0}
  m_PrefabAsset: {fileID: 0}
  m_GameObject: {fileID: 1530326901846374492}
  m_Enabled: 1
  m_EditorHideFlags: 0
  m_Script: {fileID: 11500000, guid: 8a8695521f0d02e499659fee002a26c2, type: 3}
  m_Name: 
  m_EditorClassIdentifier: 
  m_Padding:
    m_Left: 100
    m_Right: 100
    m_Top: 50
    m_Bottom: 50
  m_ChildAlignment: 1
  m_StartCorner: 0
  m_StartAxis: 0
  m_CellSize: {x: 350, y: 500}
  m_Spacing: {x: 100, y: 50}
  m_Constraint: 1
  m_ConstraintCount: 2
--- !u!1 &6404373486501529473
GameObject:
  m_ObjectHideFlags: 0
  m_CorrespondingSourceObject: {fileID: 0}
  m_PrefabInstance: {fileID: 0}
  m_PrefabAsset: {fileID: 0}
  serializedVersion: 6
  m_Component:
  - component: {fileID: 6404373486501529472}
  - component: {fileID: 6404373486501529500}
  - component: {fileID: 6404373486501529501}
  - component: {fileID: 6404373486501529474}
  - component: {fileID: 6404373486501529475}
  m_Layer: 5
  m_Name: New Shop
  m_TagString: Untagged
  m_Icon: {fileID: 0}
  m_NavMeshLayer: 0
  m_StaticEditorFlags: 0
  m_IsActive: 1
--- !u!224 &6404373486501529472
RectTransform:
  m_ObjectHideFlags: 0
  m_CorrespondingSourceObject: {fileID: 0}
  m_PrefabInstance: {fileID: 0}
  m_PrefabAsset: {fileID: 0}
  m_GameObject: {fileID: 6404373486501529473}
  m_LocalRotation: {x: 0, y: 0, z: 0, w: 1}
  m_LocalPosition: {x: 0, y: 0, z: 0}
  m_LocalScale: {x: 1, y: 1, z: 1}
  m_Children:
  - {fileID: 4748288190818307030}
  m_Father: {fileID: 0}
  m_RootOrder: 0
  m_LocalEulerAnglesHint: {x: 0, y: 0, z: 0}
  m_AnchorMin: {x: 0, y: 0}
  m_AnchorMax: {x: 1, y: 1}
  m_AnchoredPosition: {x: 0, y: 0}
  m_SizeDelta: {x: 0, y: 0}
  m_Pivot: {x: 0.5, y: 0.5}
--- !u!222 &6404373486501529500
CanvasRenderer:
  m_ObjectHideFlags: 0
  m_CorrespondingSourceObject: {fileID: 0}
  m_PrefabInstance: {fileID: 0}
  m_PrefabAsset: {fileID: 0}
  m_GameObject: {fileID: 6404373486501529473}
  m_CullTransparentMesh: 0
--- !u!114 &6404373486501529501
MonoBehaviour:
  m_ObjectHideFlags: 0
  m_CorrespondingSourceObject: {fileID: 0}
  m_PrefabInstance: {fileID: 0}
  m_PrefabAsset: {fileID: 0}
  m_GameObject: {fileID: 6404373486501529473}
  m_Enabled: 1
  m_EditorHideFlags: 0
  m_Script: {fileID: 11500000, guid: fe87c0e1cc204ed48ad3b37840f39efc, type: 3}
  m_Name: 
  m_EditorClassIdentifier: 
  m_Material: {fileID: 0}
  m_Color: {r: 0, g: 0, b: 0, a: 0.5882353}
  m_RaycastTarget: 1
  m_OnCullStateChanged:
    m_PersistentCalls:
      m_Calls: []
    m_TypeName: UnityEngine.UI.MaskableGraphic+CullStateChangedEvent, UnityEngine.UI,
      Version=1.0.0.0, Culture=neutral, PublicKeyToken=null
  m_Sprite: {fileID: 0}
  m_Type: 1
  m_PreserveAspect: 0
  m_FillCenter: 1
  m_FillMethod: 4
  m_FillAmount: 1
  m_FillClockwise: 1
  m_FillOrigin: 0
  m_UseSpriteMesh: 0
  m_PixelsPerUnitMultiplier: 1
--- !u!225 &6404373486501529474
CanvasGroup:
  m_ObjectHideFlags: 0
  m_CorrespondingSourceObject: {fileID: 0}
  m_PrefabInstance: {fileID: 0}
  m_PrefabAsset: {fileID: 0}
  m_GameObject: {fileID: 6404373486501529473}
  m_Enabled: 1
  m_Alpha: 1
  m_Interactable: 1
  m_BlocksRaycasts: 1
  m_IgnoreParentGroups: 1
--- !u!114 &6404373486501529475
MonoBehaviour:
  m_ObjectHideFlags: 0
  m_CorrespondingSourceObject: {fileID: 0}
  m_PrefabInstance: {fileID: 0}
  m_PrefabAsset: {fileID: 0}
  m_GameObject: {fileID: 6404373486501529473}
  m_Enabled: 1
  m_EditorHideFlags: 0
  m_Script: {fileID: 11500000, guid: a4060a6444a34a0dbd029899eefa01e6, type: 3}
  m_Name: 
  m_EditorClassIdentifier: 
  HeaderText: {fileID: 4360195499636043136}
  CloseBtn: {fileID: 4141621298259845738}
  Canvas: {fileID: 0}
  SingleUiObject: {fileID: 521903966899323445, guid: 316d3109d88024448a72752fcb5d1197,
    type: 3}
  Content: {fileID: 1530326901846374492}
--- !u!1001 &1374890976896060354
PrefabInstance:
  m_ObjectHideFlags: 0
  serializedVersion: 2
  m_Modification:
    m_TransformParent: {fileID: 6404373486501529472}
    m_Modifications:
    - target: {fileID: 5896934006925578302, guid: e430f8856d08afb4e8d4d0834106e781,
        type: 3}
      propertyPath: m_Color.a
      value: 0
      objectReference: {fileID: 0}
    - target: {fileID: 8169615896018962873, guid: e430f8856d08afb4e8d4d0834106e781,
        type: 3}
      propertyPath: m_AnchoredPosition.x
      value: 0
      objectReference: {fileID: 0}
    - target: {fileID: 8169615896018962873, guid: e430f8856d08afb4e8d4d0834106e781,
        type: 3}
      propertyPath: m_AnchoredPosition.y
      value: 0
      objectReference: {fileID: 0}
    - target: {fileID: 8169615896018962873, guid: e430f8856d08afb4e8d4d0834106e781,
        type: 3}
      propertyPath: m_SizeDelta.y
      value: 0
      objectReference: {fileID: 0}
    - target: {fileID: 5976794561038499861, guid: e430f8856d08afb4e8d4d0834106e781,
        type: 3}
      propertyPath: m_Name
      value: General window
      objectReference: {fileID: 0}
    - target: {fileID: 800259037, guid: e430f8856d08afb4e8d4d0834106e781, type: 3}
      propertyPath: m_Enabled
      value: 0
      objectReference: {fileID: 0}
    - target: {fileID: 5976794561038499860, guid: e430f8856d08afb4e8d4d0834106e781,
        type: 3}
      propertyPath: m_LocalPosition.x
      value: 0
      objectReference: {fileID: 0}
    - target: {fileID: 5976794561038499860, guid: e430f8856d08afb4e8d4d0834106e781,
        type: 3}
      propertyPath: m_LocalPosition.y
      value: 0
      objectReference: {fileID: 0}
    - target: {fileID: 5976794561038499860, guid: e430f8856d08afb4e8d4d0834106e781,
        type: 3}
      propertyPath: m_LocalPosition.z
      value: 0
      objectReference: {fileID: 0}
    - target: {fileID: 5976794561038499860, guid: e430f8856d08afb4e8d4d0834106e781,
        type: 3}
      propertyPath: m_LocalRotation.x
      value: 0
      objectReference: {fileID: 0}
    - target: {fileID: 5976794561038499860, guid: e430f8856d08afb4e8d4d0834106e781,
        type: 3}
      propertyPath: m_LocalRotation.y
      value: 0
      objectReference: {fileID: 0}
    - target: {fileID: 5976794561038499860, guid: e430f8856d08afb4e8d4d0834106e781,
        type: 3}
      propertyPath: m_LocalRotation.z
      value: 0
      objectReference: {fileID: 0}
    - target: {fileID: 5976794561038499860, guid: e430f8856d08afb4e8d4d0834106e781,
        type: 3}
      propertyPath: m_LocalRotation.w
      value: 1
      objectReference: {fileID: 0}
    - target: {fileID: 5976794561038499860, guid: e430f8856d08afb4e8d4d0834106e781,
        type: 3}
      propertyPath: m_RootOrder
      value: 0
      objectReference: {fileID: 0}
    - target: {fileID: 5976794561038499860, guid: e430f8856d08afb4e8d4d0834106e781,
        type: 3}
      propertyPath: m_LocalEulerAnglesHint.x
      value: 0
      objectReference: {fileID: 0}
    - target: {fileID: 5976794561038499860, guid: e430f8856d08afb4e8d4d0834106e781,
        type: 3}
      propertyPath: m_LocalEulerAnglesHint.y
      value: 0
      objectReference: {fileID: 0}
    - target: {fileID: 5976794561038499860, guid: e430f8856d08afb4e8d4d0834106e781,
        type: 3}
      propertyPath: m_LocalEulerAnglesHint.z
      value: 0
      objectReference: {fileID: 0}
    - target: {fileID: 5976794561038499860, guid: e430f8856d08afb4e8d4d0834106e781,
        type: 3}
      propertyPath: m_AnchoredPosition.x
      value: 0
      objectReference: {fileID: 0}
    - target: {fileID: 5976794561038499860, guid: e430f8856d08afb4e8d4d0834106e781,
        type: 3}
      propertyPath: m_AnchoredPosition.y
      value: 0
      objectReference: {fileID: 0}
    - target: {fileID: 5976794561038499860, guid: e430f8856d08afb4e8d4d0834106e781,
        type: 3}
      propertyPath: m_SizeDelta.x
      value: -60
      objectReference: {fileID: 0}
    - target: {fileID: 5976794561038499860, guid: e430f8856d08afb4e8d4d0834106e781,
        type: 3}
      propertyPath: m_SizeDelta.y
      value: 0
      objectReference: {fileID: 0}
    - target: {fileID: 5976794561038499860, guid: e430f8856d08afb4e8d4d0834106e781,
        type: 3}
      propertyPath: m_AnchorMin.x
      value: 0
      objectReference: {fileID: 0}
    - target: {fileID: 5976794561038499860, guid: e430f8856d08afb4e8d4d0834106e781,
        type: 3}
      propertyPath: m_AnchorMin.y
      value: 0
      objectReference: {fileID: 0}
    - target: {fileID: 5976794561038499860, guid: e430f8856d08afb4e8d4d0834106e781,
        type: 3}
      propertyPath: m_AnchorMax.x
      value: 1
      objectReference: {fileID: 0}
    - target: {fileID: 5976794561038499860, guid: e430f8856d08afb4e8d4d0834106e781,
        type: 3}
      propertyPath: m_AnchorMax.y
      value: 1
      objectReference: {fileID: 0}
    - target: {fileID: 5976794561038499860, guid: e430f8856d08afb4e8d4d0834106e781,
        type: 3}
      propertyPath: m_Pivot.x
      value: 0.5
      objectReference: {fileID: 0}
    - target: {fileID: 5976794561038499860, guid: e430f8856d08afb4e8d4d0834106e781,
        type: 3}
      propertyPath: m_Pivot.y
      value: 0.5
      objectReference: {fileID: 0}
    m_RemovedComponents: []
  m_SourcePrefab: {fileID: 100100000, guid: e430f8856d08afb4e8d4d0834106e781, type: 3}
--- !u!224 &4748288190818307030 stripped
RectTransform:
  m_CorrespondingSourceObject: {fileID: 5976794561038499860, guid: e430f8856d08afb4e8d4d0834106e781,
    type: 3}
  m_PrefabInstance: {fileID: 1374890976896060354}
  m_PrefabAsset: {fileID: 0}
--- !u!1 &1530326901846374492 stripped
GameObject:
  m_CorrespondingSourceObject: {fileID: 443683979724419998, guid: e430f8856d08afb4e8d4d0834106e781,
    type: 3}
  m_PrefabInstance: {fileID: 1374890976896060354}
  m_PrefabAsset: {fileID: 0}
--- !u!114 &4141621298259845738 stripped
MonoBehaviour:
  m_CorrespondingSourceObject: {fileID: 3057212627051604392, guid: e430f8856d08afb4e8d4d0834106e781,
    type: 3}
  m_PrefabInstance: {fileID: 1374890976896060354}
  m_PrefabAsset: {fileID: 0}
  m_GameObject: {fileID: 0}
  m_Enabled: 1
  m_EditorHideFlags: 0
  m_Script: {fileID: 11500000, guid: 4e29b1a8efbd4b44bb3f3716e73f07ff, type: 3}
  m_Name: 
  m_EditorClassIdentifier: 
--- !u!114 &4360195499636043136 stripped
MonoBehaviour:
  m_CorrespondingSourceObject: {fileID: 3428961957914846786, guid: e430f8856d08afb4e8d4d0834106e781,
    type: 3}
  m_PrefabInstance: {fileID: 1374890976896060354}
  m_PrefabAsset: {fileID: 0}
  m_GameObject: {fileID: 0}
  m_Enabled: 1
  m_EditorHideFlags: 0
  m_Script: {fileID: 11500000, guid: f4688fdb7df04437aeb418b961361dc5, type: 3}
  m_Name: 
  m_EditorClassIdentifier: 
